% Encoding: UTF-8

@Book{teetor2011,
  title     = {R Cookbook: Proven Recipes for Data Analysis, Statistics, and Graphics},
  publisher = {O'Reilly Media},
  year      = {2011},
  author    = {Teetor, P.},
  isbn      = {9781449307264},
  file      = {:C\:/Users/Irina/Disk Google/1_ČZU/BP/!lit/R Cookbook.pdf:PDF},
}

@Book{datarep2011,
  title     = {Data Representations, Transformations, and Statistics for Visual Reasoning},
  publisher = {Morgan \& Claypool Publishers},
  year      = {2011},
  author    = {Maciejewski, Ross},
  isbn      = {978-1-608-45625-3},
  comment   = {https://books.google.cz/books?id=V7hMYIrXZs4C&pg=PA18&lpg=PA18&dq=log2(n)%2B1+sturges&source=bl&ots=WvAilmoJmk&sig=avmgbCkCBtX19FxKRa1RUfhlYVM&hl=cs&sa=X&ved=0ahUKEwitsLem-bXSAhXBiiwKHXd3DdEQ6AEIGTAA#v=onepage&q&f=false},
}

@Book{wilkinson2005,
  title     = {The Grammar of Graphics},
  publisher = {Springer},
  year      = {2005},
  author    = {Leland Wilkinson},
  isbn      = {9780387286952},
  file      = {:C\:/Users/Irina/Disk Google/1_ČZU/BP/!lit/Leland_Wilkinson_The_Grammar_of_Graphics.pdf:PDF},
}

@Book{chang2012,
  title     = {R Graphics Cookbook: Practical Recipes for Visualizing Data},
  publisher = {O'Reilly Media},
  year      = {2012},
  author    = {Chang, W.},
  isbn      = {9781449363116},
  file      = {:C\:/Users/Irina/Disk Google/1_ČZU/BP/!lit/R Graphics Cookbook.pdf:PDF},
}

@Book{novovic2006,
  title     = {Pravděpodobnost a matematická statistika},
  publisher = {Praha: Vydavatelství ČVUT,},
  year      = {2006},
  author    = {Novovičová, Jana},
  isbn      = {80-01-01980-2},
}

@Electronic{graphics,
  author = {R-Documentation},
  year   = {[vid. 22.4.2017]},
  title  = {The R Graphics Package},
  url    = {https://stat.ethz.ch/R-manual/R-devel/library/graphics/html/graphics-package.html},
}

@Electronic{plot,
  author = {R-Documentation},
  year   = {[vid. 11.5.2017]},
  title  = {Generic X-Y Plotting},
  url    = {https://stat.ethz.ch/R-manual/R-devel/library/graphics/html/plot.html},
}

@Book{hist_wiki,
  title     = {Introduction to Statistics in Psychology},
  publisher = {Prentice Hall},
  year      = {2007},
  author    = {Dennis Howitt and Duncan Cramer},
  isbn      = {978-0-13-205161-3},
}

@Book{cleveland1994,
  title     = {The Elements of Graphing Data},
  publisher = {Hobart Press},
  year      = {1994},
  author    = {William S. Cleveland},
  isbn      = {0963488414},
}

@Book{pp_wiki,
  title     = {Nonparametric Statistical Inference, Fourth Edition: Revised and Expanded},
  publisher = {CRC Press},
  year      = {2003},
  author    = {Jean Dickinson Gibbons and Subhabrata Chakraborti},
  isbn      = {0-8247-4052-1},
}

@Book{tukey1977,
  title     = {Exploratory Data Analysis},
  publisher = {Addison-Wesley},
  year      = {1977},
  author    = {Tukey, John W.},
  isbn      = {0201076160},
  date      = {1977-01-11},
  file      = {:C\:/Users/Irina/Disk Google/1_ČZU/BP/!lit/JW_Tukey_Exploratory_Data_Analysis.pdf:PDF},
}

@Book{grolemund_wickham2017,
  title     = {R for Data Science},
  publisher = {O'Reilly Media},
  year      = {2017},
  author    = {Hadley Wickham and Garrett Grolemund},
  isbn      = {1491910399},
  comment   = {http://r4ds.had.co.nz/},
}

@Book{peng2012,
  title     = {Exploratory data analysis with R},
  publisher = {Lulu. com},
  year      = {2012},
  author    = {Peng, Roger},
  url       = {https://bookdown.org/rdpeng/exdata/},
}

@Article{jackknife_tukey,
  author  = {John W. Tukey},
  title   = {Bias and Confidence in Not Quite Large Samples},
  journal = {Annals of Mathematical Statistics},
  year    = {1958},
  note    = {abstract},
  file    = {:C\:/Users/Irina/Disk Google/1_ČZU/BP/!lit/JW_Tukey_Bias_and_Confidence_in_Not-quite_Large_Samples.pdf:PDF},
}

@Book{bootstrap,
  title     = {An Introduction to the Bootstrap},
  publisher = {Taylor \& Francis Ltd},
  year      = {1994},
  author    = {Efron, B. and Tibshirani, R.J.},
  isbn      = {0-412-04231-2},
}

@Article{mbdist,
  author  = {P. C. Mahalanobis},
  title   = {On the generalised distance in statistics},
  journal = {Proceedings National Institute of Science},
  year    = {1936},
  file    = {:C\:/Users/Irina/Disk Google/1_ČZU/BP/!lit/PC_Mahalanobis_On_The_Generalized_Distance_In_Statistics.pdf:PDF},
}

@Article{mcintosh2016,
  author  = {McIntosh, Avery},
  title   = {The Jackknife Estimation Method},
  journal = {arXiv},
  year    = {2016},
  file    = {:C\:/Users/Irina/Disk Google/1_ČZU/BP/!lit/AI_McIntosh_Jackknife.pdf:PDF},
}

@Article{mbdist2,
  author    = {De Maesschalck, Roy and Jouan-Rimbaud, Delphine and Massart, D{\'e}sir{\'e} L},
  title     = {The mahalanobis distance},
  journal   = {Chemometrics and intelligent laboratory systems},
  year      = {2000},
  comment   = {http://www.academia.edu/30902351/The_Mahalanobis_distance},
  publisher = {Elsevier},
}

@Article{leverages_regression,
  author    = {Cardinali, C},
  title     = {Observation influence diagnostic of a data assimilation system},
  journal   = {Advanced Data Assimilation for Geosciences: Lecture Notes of the Les Houches School of Physics: Special Issue},
  year      = {2014},
  file      = {:C\:/Users/Irina/Disk Google/1_ČZU/BP/!lit/C_Cardinali_Observation_Influence_Diagnostic_Data_Assimilation_System.pdf:PDF},
  publisher = {Lecture Notes of the Les Houch},
}

@Article{pecakova,
  author    = {Pecáková, Iva},
  title     = {Problém chybějících dat v dotazníkových šetřeních},
  journal   = {Politická ekonomie},
  year      = {2014},
  month     = {01},
  issn      = {2336-8225},
  booktitle = {Acta Oeconomica Pragensia},
  file      = {:C\:/Users/Irina/Disk Google/1_ČZU/BP/!lit/PAD/459.pdf:PDF},
}

@Book{kutner_transform,
  title     = {Applied Linear Statistical Models},
  publisher = {McGraw-Hill/Irwin},
  year      = {2004},
  author    = {Michael H Kutner and Christopher J. Nachtsheim and John Neter and William Li},
  isbn      = {0-07-238688-6},
  file      = {:C\:/Users/Irina/Disk Google/1_ČZU/BP/!lit/Applied_Linear_Statistical_Models.pdf:PDF},
}

@Article{normalizing,
  author  = {Abdi, Herve and Williams, LJ},
  title   = {Normalizing data. Encyclopedia of research design},
  journal = {Thousand Oaks, CA: Sage},
  year    = {2010},
  file    = {:C\:/Users/Irina/Disk Google/1_ČZU/BP/!lit/H_Abdi_Normalizing_Data.pdf:PDF},
}

@Book{vicerozm_stat,
  title     = {Vícerozměrné statistické metody (1)},
  publisher = {Informatorium, Praha},
  year      = {2007},
  author    = {Hebák, P and Hustopecký, J and Jarošová, E and Pecáková, I},
  isbn      = {80-7333-025-3},
}

@Book{zumel_2014,
  title     = {Practical Data Science with R},
  publisher = {Manning},
  year      = {2014},
  author    = {Nina Zumel and John Mount},
  isbn      = {9781617291562},
}

@Article{normality_tests,
  author    = {{\"O}ztuna, Derya and Elhan, Atilla Halil and T{\"u}ccar, Ers{\"o}z},
  title     = {Investigation of four different normality tests in terms of type 1 error rate and power under different distributions},
  journal   = {Turkish Journal of Medical Sciences},
  year      = {2006},
  publisher = {The Scientific and Technological Research Council of Turkey},
}

@Article{SW_test,
  author  = {SHAPIRO, S. S. and WILK, M. B.},
  title   = {An analysis of variance test for normality (complete samples)†},
  journal = {Biometrika},
  year    = {1965},
  comment = {doi: http://dx.doi.org/10.1093/biomet/52.3-4.591 a 10.1093/biomet/52.3-4.591},
}

@Book{datavis_rahlf,
  title     = {Data Visualisation with R: 100 Examples},
  publisher = {Springer},
  year      = {2017},
  author    = {Thomas Rahlf},
  isbn      = {978-3-319-49751-8},
}

@Book{brinton_1919,
  title     = {Graphic Methods for Presenting Facts},
  publisher = {The Engineering Magazine Company, New York},
  year      = {1919},
  author    = {Willard Cope Brinton},
  isbn      = {978-1155058870},
}

@InCollection{dataviz_history,
  author    = {M. Friendly},
  title     = {A Brief History of Data Visualization},
  booktitle = {Handbook of Computational Statistics: Data Visualization},
  publisher = {Springer-Verlag},
  year      = {2006},
  isbn      = {978-3-540-32825-4},
}

@Article{tukey1962,
  author    = {Tukey, John W.},
  title     = {The Future of Data Analysis},
  journal   = {Annals of Mathematical Statistics},
  year      = {1962},
  comment   = {doi: https://doi.org/10.1214/aoms/1177704711 a 10.1214/aoms/1177704711 },
  fjournal  = {The Annals of Mathematical Statistics},
  publisher = {The Institute of Mathematical Statistics},
}

@Book{cleveland1993,
  title     = {Visualizing Data},
  publisher = {Hobart Press},
  year      = {1993},
  author    = {William S. Cleveland},
  isbn      = {978-0963488404},
}

@Book{tufte1983,
  title     = {The Visual Display of Quantitative Information},
  publisher = {Graphics Press},
  year      = {1983},
  author    = {Edward R. Tufte},
  isbn      = {978-0961392109},
}

@Book{tufte1990,
  title     = {Envisioning Information},
  publisher = {Graphics Pr},
  year      = {1990},
  author    = {Edward R. Tufte},
  isbn      = {978-0961392116},
}

@Book{tufte1997,
  title     = {Visual Explanations: Images and Quantities, Evidence and Narrative},
  publisher = {Graphics Press},
  year      = {1997},
  author    = {Edward R. Tufte},
  isbn      = {978-0961392123},
}

@Article{cleveland_mcgill,
  author    = {William S. Cleveland and Robert McGill},
  title     = {Graphical Perception: Theory, Experimentation, and Application to the Development of Graphical Methods},
  journal   = {Journal of the American Statistical Association},
  year      = {1984},
  comment   = {10.1080/01621459.1984.10478080 doi},
  publisher = {Taylor \& Francis},
}

@Book{wickham_ggplot,
  title     = {ggplot2: Elegant Graphics for Data Analysis (Use R!)},
  publisher = {Springer},
  year      = {2010},
  author    = {Hadley Wickham},
  isbn      = {978-0387981406},
}

@Article{layered-grammar,
  author  = {Hadley Wickham},
  title   = {A layered grammar of graphics},
  journal = {Journal of Computational and Graphical Statistics},
  year    = {2010},
  comment = {10.1198/jcgs.2009.07098 doi},
}

@PhdThesis{murrell1998,
  author = {Paul R. Murrell},
  title  = {Investigations in Graphical Statistics},
  school = {The University of Auckland},
  year   = {1998},
  type   = {phdthesis},
  file   = {:/home/irina/ownCloud/BP/!lit/Murrell_PhDwork.pdf:PDF},
}

@Article{trellisplot,
  author  = {Richard A Becker and William S Cleveland and Ming-Jen Shyu and Stephen P Kaluzny and others},
  title   = {A tour of Trellis graphics},
  journal = {Murray Hill, NJ: AT \& T Bell Laboratories},
  year    = {1996},
  file    = {:/home/irina/ownCloud/BP/!lit/Trellis_tour.pdf:PDF},
}

@Misc{murrell2003,
  author = {Murrell, Paul},
  title  = {grid: The grid graphics package},
  month  = jul,
  year   = {2003},
  file   = {:/home/irina/ownCloud/BP/!lit/murrell_grid_2003.pdf:PDF},
}

@Book{ferster,
  title     = {Interactive Visualization: Insight through Inquiry (MIT Press)},
  publisher = {The MIT Press},
  year      = {2012},
  author    = {Bill Ferster},
  isbn      = {978-0262018159},
}

@Book{Ferster2012,
  title     = {Interactive Visualization: Insight through Inquiry (MIT Press)},
  publisher = {The MIT Press},
  year      = {2012},
  author    = {Bill Ferster},
  isbn      = {978-0262018159},
}

@Book{murray,
  title     = {Interactive Data Visualization for the Web},
  publisher = {O'Reilly Media},
  year      = {2013},
  author    = {Scott Murray},
  isbn      = {978-1449339739},
}

@Article{htmlwidgets,
  author  = {Vaidyanathan, Ramnath and Xie, Yihui and Allaire, JJ and Cheng, Joe and Russell, Kenton},
  title   = {htmlwidgets: HTML Widgets for R},
  journal = {R package version 1.0},
  year    = {2018},
  url     = {https://cran.r-project.org/web/packages/htmlwidgets/htmlwidgets.pdf},
}

@Book{plotly,
  title     = {plotly for R},
  publisher = {bookdown},
  year      = {2018},
  author    = {Carson Sievert},
  url       = {https://plotly-book.cpsievert.me/},
}

@Electronic{dygraphs,
  author = {RStudio},
  year   = {[vid. 11.4.2018]},
  title  = {dygraphs for R},
  url    = {http://rstudio.github.io/dygraphs/},
}

@Electronic{leaflet,
  author = {RStudio},
  year   = {[vid. 11.4.2018]},
  title  = {Leaflet for R},
  url    = {http://rstudio.github.io/leaflet/},
}

@Article{spatial,
  author    = {Cheshire, James and Lovelace, Robin},
  title     = {Spatial data visualisation with R},
  journal   = {Geocomputation: A Practical Primer},
  year      = {2015},
  publisher = {Sage},
}

@Electronic{spatial2,
  author = {Robert Hijmans},
  year   = {[vid. 13.4.2018]},
  title  = {Spatial Data Analysis and Modeling with R},
  url    = {http://rspatial.org/},
}

@Article{raster,
  author  = {Robert J. Hijmans},
  title   = {raster: Geographic Data Analysis and Modeling},
  journal = {R package version 2.6-7},
  year    = {2017},
  url     = {https://cran.r-project.org/web/packages/raster/raster.pdf},
}

@Article{rasterVis,
  author  = {Oscar Perpinan Lamigueiro},
  title   = {rasterVis: Visualization Methods for Raster Data},
  journal = {R package version 0.44},
  year    = {2018},
  url     = {https://cran.r-project.org/web/packages/rasterVis/rasterVis.pdf},
}

@Electronic{flexdashboard,
  author = {RStudio},
  year   = {[vid. 14.4.2018]},
  title  = {flexdashboard: Easy interactive dashboards for R},
  url    = {https://rmarkdown.rstudio.com/flexdashboard/index.html},
}

@Electronic{shiny,
  author = {RStudio},
  year   = {[vid. 14.4.2018]},
  title  = {Shiny from R Studio},
  url    = {https://shiny.rstudio.com/},
}

@Book{playfair1801,
  title     = {The Statistical Breviary: Shewing, on a Principle Entirely New, the Resources of Every State and Kingdom in Europe; Illustrated with Stained Copper-plate Charts the Physical Powers of Each Distinct Nation with Ease and Perspicuity: to which is Added, a Similar Exhibition of the Ruling Powers of Hindoostan},
  publisher = {T. Bensley, Bolt Court, Fleet Street},
  year      = {1801},
  author    = {Playfair, William},
}

@Book{playfair1786,
  title     = {The Commercial and Political Atlas: Representing, by Means of Stained Copper-plate Charts, the Exports, Imports, and General Trade of England; the National Debt, And Other Public Accounts; With Observations And Remarks: by William Playfair,(author Of Regulations For The Interest Of Money.) To which are Added, Charts of the Revenue and Debts of Ireland, Done In The Same Manner, by James Corry, Esq. The Commercial Part is Taken from the Custom-House Books, and the Public Accounts from the Journals of the House of Commons, and Other Papers Belonging to that House Not Yet Published},
  publisher = {J. Debrett, Piccadilly; GG and J. Robinson, Pater-Noster Row; J. Sewell, Cornhill; the engraver, SJ Neele, NO. 352, Strand; W. Creech and C. Elliot, Edinburgh; and L. White, Dublin},
  year      = {1786},
  author    = {Playfair, William},
}

@Book{palsky1996,
  title     = {Des chiffres et des cartes: naissance et d{\'e}veloppement de la cartographie quantitative fran{\c{c}}aise au XIXe siecle},
  publisher = {Comit{\'e} des travaux historiques et scientifiques-CTHS},
  year      = {1996},
  author    = {Palsky, Gilles},
}

@Electronic{minard1858,
  author = {Minard, Charles Joseph},
  year   = {1858},
  title  = {Carte figurative et approximative représentant pour l'année 1858 les émigrants du globe, les pays dóu ils partent et ceux oú ils arrivent},
  url    = {https://www.loc.gov/resource/g3201e.ct000242/},
}

@Electronic{rstudio,
  author = {RStudio},
  year   = {[vid. 16.4.2018]},
  title  = {RStudio - Open source and enterprise-ready professional software for R},
  url    = {https://www.rstudio.com/},
}

@Electronic{rmarkdown,
  author = {rmarkdown},
  year   = {[vid. 16.4.2018]},
  title  = {Dynamic Documents for R},
  url    = {https://github.com/rstudio/rmarkdown},
}

@Book{rmd:bookdown,
  title     = {Authoring Books and Technical Documents with R Markdown},
  publisher = {bookdown},
  year      = {2018},
  author    = {Yihui Xie},
}

@Book{knitr,
  title     = {Dynamic Documents with R and Knitr},
  publisher = {Boca Raton, Florida: Chapman; Hall/CRC},
  year      = {2015},
  author    = {Yihui Xie},
  url       = { http://yihui.name/knitr/},
}

@Article{tidydata,
  author  = {Hadley Wickham},
  title   = {Tidy data},
  journal = {The Journal of Statistical Software},
  year    = {2014},
  url     = {http://www.jstatsoft.org/v59/i10/},
}

@Electronic{tidyr,
  author = {tidyr},
  year   = {[vid. 17.4.2018]},
  title  = {Easily tidy data with spread and gather functions.},
  url    = {https://github.com/tidyverse/tidyr},
}

@Electronic{plyr,
  author = {plyr},
  year   = {[vid. 17.4.2018]},
  title  = {A R package for splitting, applying and combining large problems into simpler problems.},
  url    = {https://github.com/hadley/plyr},
}

@Electronic{dplyr,
  author = {dplyr},
  year   = {[vid. 17.4.2018]},
  title  = {A grammar of data manipulation.},
  url    = {https://github.com/tidyverse/dplyr},
}

@Article{bilan,
  author    = {Vizina, Adam and Hor{\'a}{\v{c}}ek, Stanislav and Hanel, Martin},
  title     = {Nov{\'e} mo{\v{z}}nosti modelu Bilan},
  journal   = {Vodohospod{\'a}{\v{r}}sk{\'e} technicko-ekonomick{\'e} informace},
  year      = {2015},
  publisher = {V{\'y}zkumn{\'y} {\'u}stav vodohospod{\'a}{\v{r}}sk{\'y} TG Masaryka, ve{\v{r}}ejn{\'a} v{\'y}zkumn{\'a} instituce},
}

@Manual{bilan_man,
  title        = {Model hydrologické bilance Bilan},
  author       = {V{\'U}V~TGM,},
  organization = {V{\'y}zkumn{\'y} {\'u}stav vodohospod{\'a}{\v{r}}sk{\'y} TG Masaryka, ve{\v{r}}ejn{\'a} v{\'y}zkumn{\'a} instituce},
  year         = {2015},
}

@Manual{sucho,
  title        = {Metodika pro stanovení mezních hodnot indikátorů hydrologického sucha},
  author       = {Radek Vlnas and Adam Beran and Martin Hanel and Anna Hrabánková and Tomáš Hrdinka and Ladislav Kašpárek and Marta Martínková and Martina Peláková and Pavel Treml and Adam Vizina and Petr Bašta and Lukáš Jačka and Petr Máca and Jiří Pavlásek and Pavel Pech},
  organization = {V{\'y}zkumn{\'y} {\'u}stav vodohospod{\'a}{\v{r}}sk{\'y} TG Masaryka, ve{\v{r}}ejn{\'a} v{\'y}zkumn{\'a} instituce},
  address      = {Praha},
  year         = {2014},
  note         = {http://docplayer.cz/4139994-Metodika-pro-stanoveni-meznich-hodnot-indikatoru-hydrologickeho-sucha-radek-vlnas-a-kol.html},
}

@Electronic{stackover,
  author = {Developer~Survey~Results,},
  year   = {2017},
  title  = {Most Popular Languages by Occupation},
  url    = {https://insights.stackoverflow.com/survey/2017#technologies-and-occupations},
}

@Comment{jabref-meta: databaseType:bibtex;}
